@book{McConnell:Book,
 author = {McConnell, Steve},
 title = {Code Complete, Second Edition},
 year = {2004},
 isbn = {0735619670, 9780735619678},
 publisher = {Microsoft Press},
 address = {Redmond, WA, USA},
}

@standard{omg2011bpmn,
  added-at = {2013-02-22T22:42:18.000+0100},
  author = {OMG},
  biburl = {http://www.bibsonomy.org/bibtex/2d71e28d8b21b73a067683ba4bfe0321a/porta},
  file = {omg2011bpmn.pdf:omg2011bpmn.pdf:PDF},
  groups = {public},
  institution = {Object Management Group},
  interhash = {3dc7b0ecb231121716362e43297fd70a},
  intrahash = {d71e28d8b21b73a067683ba4bfe0321a},
  keywords = {omg standard bpmn},
  month = {January},
  organization = {Object Management Group},
  revision = {2.0},
  timestamp = {2013-03-01T23:25:34.000+0100},
  title = {{Business Process Model and Notation (BPMN), Version 2.0}},
  url = {http://www.omg.org/spec/BPMN/2.0},
  username = {porta},
  year = 2011
}
@misc{Stax:Ref,
  title = {{Streaming APIs for XML Parsers}},
  author = {Sun-Microsystems},
  publisher = "Sun Microsystems",
  howpublished = {\url{http://www.oracle.com/technetwork/articles/java/stax-1-0-150030.pdf}},
  note = {Accessed: 2016-05-23},
  year = "2005"
}

@misc{Appian:BP,
  title = {{Appian Business Process Definition}},
  howpublished = {\url{http://www.appian.com/about-bpm/definition-of-a-business-process/}},
  note = {Accessed: 2016-06-03},
  year = "2016"
}

@misc{Gartner:BPM,
  title = {{Gartner IT Glossary BPM}},
  howpublished = {\url{http://www.gartner.com/it-glossary/business-process-management-bpm/}},
  note = {Accessed: 2016-06-08},
  year = "2016"
}

@inproceedings{ Salaun:Malaga,
  author = "Gwen Sala{\"{u}}n",
  title = "Formal Modelling and Analysis of BPMN Processes",
  booktitle = "LCC Seminar",
  address = "Malaga, Spain",
  month = "October",
  year = "2015"
}

@inproceedings{Bisim:Ref,
  author    = {Radu Mateescu and
               Emilie Oudot},
  title     = {Bisimulator 2.0: An On-the-Fly Equivalence Checker based on Boolean
               Equation Systems},
  booktitle = {6th {ACM} {\&} {IEEE} International Conference on Formal Methods
               and Models for Co-Design {(MEMOCODE} 2008), June 5-7, 2008, Anaheim,
               CA, {USA}},
  pages     = {73--74},
  year      = {2008},
  crossref  = {DBLP:conf/memocode/2008},
  url       = {http://dx.doi.org/10.1109/MEMCOD.2008.4547690},
  doi       = {10.1109/MEMCOD.2008.4547690},
  timestamp = {Thu, 06 Nov 2014 17:05:39 +0100},
  biburl    = {http://dblp.uni-trier.de/rec/bib/conf/memocode/MateescuO08},
  bibsource = {dblp computer science bibliography, http://dblp.org}
}


@article{ LNT:Ref,
  author = "David Champelovier and Xavier Clerc and Hubert Garavel and Yves Guerte and Frédéric Lang and Christine McKinty and Vincent Powazny and Wendelin Serwe and Gideon Smeding",
  title = "Reference Manual of the LNT to LOTOS Translator",
  year = "2015"
}

@article{CADP:Ref,
  author    = {Hubert Garavel and
               Fr{\'{e}}d{\'{e}}ric Lang and
               Radu Mateescu and
               Wendelin Serwe},
  title     = {{CADP} 2011: a toolbox for the construction and analysis of distributed
               processes},
  journal   = {{STTT}},
  volume    = {15},
  number    = {2},
  pages     = {89--107},
  year      = {2013},
  url       = {http://dx.doi.org/10.1007/s10009-012-0244-z},
  doi       = {10.1007/s10009-012-0244-z},
  timestamp = {Fri, 12 Apr 2013 19:09:38 +0200},
  biburl    = {http://dblp.uni-trier.de/rec/bib/journals/sttt/GaravelLMS13},
  bibsource = {dblp computer science bibliography, http://dblp.org}
}

@inproceedings{SVL:Ref,
  author    = {Hubert Garavel and
               Fr{\'{e}}d{\'{e}}ric Lang},
  title     = {{SVL:} {A} Scripting Language for Compositional Verification},
  booktitle = {Formal Techniques for Networked and Distributed Systems, {FORTE} 2001,
               {IFIP} {TC6/WG6.1} - 21\({}^{\mbox{st}}\) International Conference
               on Formal Techniques for Networked and Distributed Systems, August
               28-31, 2001, Cheju Island, Korea},
  pages     = {377--394},
  year      = {2001},
  crossref  = {DBLP:conf/forte/2001},
  timestamp = {Tue, 19 Feb 2002 10:53:37 +0100},
  biburl    = {http://dblp.uni-trier.de/rec/bib/conf/forte/GaravelL01},
  bibsource = {dblp computer science bibliography, http://dblp.org}
}

@inproceedings{Choreo:Ref,
  author    = {Pascal Poizat and
               Gwen Sala{\"{u}}n},
  title     = {Checking the realizability of {BPMN} 2.0 choreographies},
  booktitle = {Proceedings of the {ACM} Symposium on Applied Computing, {SAC} 2012,
               Riva, Trento, Italy, March 26-30, 2012},
  pages     = {1927--1934},
  year      = {2012},
  crossref  = {DBLP:conf/sac/2012},
  url       = {http://doi.acm.org/10.1145/2245276.2232095},
  doi       = {10.1145/2245276.2232095},
  timestamp = {Fri, 08 Jun 2012 19:37:23 +0200},
  biburl    = {http://dblp.uni-trier.de/rec/bib/conf/sac/PoizatS12},
  bibsource = {dblp computer science bibliography, http://dblp.org}
}

@article{Lam:Ref,
  title={Foundation for equivalences of BPMN models},
  author={Lam, Vitus},
  journal={Theoretical and Applied Informatics},
  volume={24},
  number={1},
  pages={33},
  year={2012},
  publisher={De Gruyter Open Sp. z oo}
}


@article{ VBPMN:Ref,
  author = "Pascal Poizat and Gwen Sala{\"{u}}n",
  title = "Checking Business Process Evolution",
  journal = {\textit{Manuscript in preparation}},
  month = "July",
  year = "2016"
}

@book{Milner:Book,
  author    = {Robin Milner},
  title     = {Communication and concurrency},
  series    = {{PHI} Series in computer science},
  publisher = {Prentice Hall},
  year      = {1989},
  isbn      = {978-0-13-115007-2},
  timestamp = {Wed, 27 Apr 2011 17:30:28 +0200},
  biburl    = {http://dblp.uni-trier.de/rec/bib/books/daglib/0067019},
  bibsource = {dblp computer science bibliography, http://dblp.org}
}

@inproceedings{Boud:Ref,
  author    = {Boudewijn F. van Dongen and
               Remco M. Dijkman and
               Jan Mendling},
  title     = {Measuring Similarity between Business Process Models},
  booktitle = {Advanced Information Systems Engineering, 20th International Conference,
               CAiSE 2008, Montpellier, France, June 16-20, 2008, Proceedings},
  pages     = {450--464},
  year      = {2008},
  crossref  = {DBLP:conf/caise/2008},
  url       = {http://dx.doi.org/10.1007/978-3-540-69534-9_34},
  doi       = {10.1007/978-3-540-69534-9_34},
  timestamp = {Wed, 11 Jun 2008 11:40:24 +0200},
  biburl    = {http://dblp.uni-trier.de/rec/bib/conf/caise/DongenDM08},
  bibsource = {dblp computer science bibliography, http://dblp.org}
}
